<?xml version="1.0" encoding="UTF-8"?><collection xmlns="http://www.loc.gov/MARC21/slim"><record><leader>00402nam--2200145-i-4500</leader><controlfield tag="001">000009951</controlfield><controlfield tag="002">20161230</controlfield><controlfield tag="005">20161230201028</controlfield><controlfield tag="008">060222s1000------------r-----000-0-eng-d</controlfield><datafield ind1=" " ind2=" " tag="080"><subfield code="a">547.25(082.1)</subfield></datafield><datafield ind1=" " ind2=" " tag="245"><subfield code="a">Advances in organometallic chemistry</subfield></datafield><datafield ind1=" " ind2=" " tag="260"><subfield code="a">New York, Academic Press, 1964-</subfield></datafield><datafield ind1=" " ind2=" " tag="490"><subfield code="a">Advances In Organometallic Chemistry</subfield></datafield><datafield ind1=" " ind2=" " tag="700"><subfield code="a">Stone, F.G.A. And West, Robert</subfield></datafield><datafield ind1=" " ind2=" " tag="852"><subfield code="a">20846</subfield></datafield></record></collection>